@article{main_paper,
author = {Yao, Rui and Lin, Guosheng and Xia, Shixiong and Zhao, Jiaqi and Zhou, Yong},
title = {Video Object Segmentation and Tracking: A Survey},
year = {2020},
issue_date = {August 2020},
publisher = {Association for Computing Machinery},
address = {New York, NY, USA},
volume = {11},
number = {4},
issn = {2157-6904},
url = {https://doi.org/10.1145/3391743},
doi = {10.1145/3391743},
journal = {ACM Trans. Intell. Syst. Technol.},
month = {may},
articleno = {36},
numpages = {47},
}

% --------------------------- x ---------------------------

@INPROCEEDINGS{1,
  author={Wang, Yiwen and Lyu, Ye and Cao, Yanpeng and Yang, Michael Ying},
  booktitle={IGARSS 2019 - 2019 IEEE International Geoscience and Remote Sensing Symposium}, 
  title={Deep Learning for Semantic Segmentation of UAV Videos}, 
  year={2019},
  volume={},
  number={},
  pages={2459-2462},
  doi={10.1109/IGARSS.2019.8899786}
}

% --------------------------- x ---------------------------

@misc{2,
      title={Video Instance Segmentation}, 
      author={Linjie Yang and Yuchen Fan and Ning Xu},
      year={2019},
      eprint={1905.04804},
      archivePrefix={arXiv},
      primaryClass={cs.CV}
}

% --------------------------- x ---------------------------

@misc{3,
      title={The 2019 DAVIS Challenge on VOS: Unsupervised Multi-Object Segmentation}, 
      author={Sergi Caelles and Jordi Pont-Tuset and Federico Perazzi and Alberto Montes and Kevis-Kokitsi Maninis and Luc Van Gool},
      year={2019},
      eprint={1905.00737},
      archivePrefix={arXiv},
      primaryClass={cs.CV}
}

% --------------------------- x ---------------------------

@INPROCEEDINGS{4,
  author={Usón, Javier and Cabrera, Julián and Corregidor, Daniel and García, Narciso},
  booktitle={2022 IEEE 12th International Conference on Consumer Electronics (ICCE-Berlin)}, 
  title={Analysing Foreground Segmentation in Deep Learning Based Depth Estimation on Free-Viewpoint Video Systems}, 
  year={2022},
  volume={},
  number={},
  pages={1-5},
  doi={10.1109/ICCE-Berlin56473.2022.9937087}
}

% --------------------------- x ---------------------------

@ARTICLE{5,
  author={Liang, Huagang and Liu, Lihua and Bo, Ying and Zuo, Chao},
  journal={IEEE Access}, 
  title={Semi-Supervised Video Object Segmentation Based on Local and Global Consistency Learning}, 
  year={2021},
  volume={9},
  number={},
  pages={127293-127304},
  doi={10.1109/ACCESS.2021.3112014}
}

% --------------------------- x ---------------------------

@ARTICLE{6,
  author={Xu, Kai and Wen, Longyin and Li, Guorong and Huang, Qingming},
  journal={IEEE Transactions on Multimedia}, 
  title={Self-Supervised Deep TripleNet for Video Object Segmentation}, 
  year={2021},
  volume={23},
  number={},
  pages={3530-3539},
  doi={10.1109/TMM.2020.3026913}
}

% --------------------------- x ---------------------------

@misc{7,
      title={Asymmetric Bilateral Motion Estimation for Video Frame Interpolation}, 
      author={Junheum Park and Chul Lee and Chang-Su Kim},
      year={2021},
      eprint={2108.06815},
      archivePrefix={arXiv},
      primaryClass={cs.CV}
}

% --------------------------- x ---------------------------

@ARTICLE{8,
  author={Choi, Whan and Koh, Yeong Jun and Kim, Chang-Su},
  journal={IEEE Access}, 
  title={Video Frame Interpolation Based on Symmetric and Asymmetric Motions}, 
  year={2023},
  volume={11},
  number={},
  pages={22394-22403},
  doi={10.1109/ACCESS.2023.3252911}
}

% --------------------------- x ---------------------------

@ARTICLE{9,
  author={Zhang, Lin and Lu, Yao},
  journal={IEEE Access}, 
  title={Video Object Segmentation by Latent Outcome Regression}, 
  year={2020},
  volume={8},
  number={},
  pages={30355-30367},
  doi={10.1109/ACCESS.2020.2971964}
}

% --------------------------- x ---------------------------

@ARTICLE{10,
  author={Fan, Jiaqing and Zhang, Kaihua and Zhao, Yaqian and Liu, Qingshan},
  journal={Chinese Journal of Electronics}, 
  title={Unsupervised Video Object Segmentation via Weak User Interaction and Temporal Modulation}, 
  year={2023},
  volume={32},
  number={3},
  pages={507-518},
  doi={10.23919/cje.2022.00.139}
}

% --------------------------- x ---------------------------

@ARTICLE{11,
  author={Ilioudi, Athina and Dabiri, Azita and Wolf, Ben J. and De Schutter, Bart},
  journal={IEEE Access}, 
  title={Deep Learning for Object Detection and Segmentation in Videos: Toward an Integration With Domain Knowledge}, 
  year={2022},
  volume={10},
  number={},
  pages={34562-34576},
  doi={10.1109/ACCESS.2022.3162827}
}

% --------------------------- x ---------------------------

@ARTICLE{12,
  author={Usmani, Usman Ahmad and Watada, Junzo and Jaafar, Jafreezal and Aziz, Izzatdin Abdul and Roy, Arunava},
  journal={IEEE Access}, 
  title={A Reinforcement Learning Based Adaptive ROI Generation for Video Object Segmentation}, 
  year={2021},
  volume={9},
  number={},
  pages={161959-161977},
  doi={10.1109/ACCESS.2021.3132453}
}

% --------------------------- x ---------------------------

@ARTICLE{13,
  author={Shahid, Mohammad and Virtusio, John Jethro and Wu, Yu-Hsien and Chen, Yung-Yao and Tanveer, M. and Muhammad, Khan and Hua, Kai-Lung},
  journal={IEEE Access}, 
  title={Spatio-Temporal Self-Attention Network for Fire Detection and Segmentation in Video Surveillance}, 
  year={2022},
  volume={10},
  number={},
  pages={1259-1275},
  doi={10.1109/ACCESS.2021.3132787}
}

% --------------------------- x ---------------------------

@ARTICLE{14,
  author={Park, Hyojin and Yoo, Jayeon and Venkatesh, Ganesh and Kwak, Nojun},
  journal={IEEE Access}, 
  title={Adaptive Template and Transition Map for Real-Time Video Object Segmentation}, 
  year={2021},
  volume={9},
  number={},
  pages={116914-116926},
  doi={10.1109/ACCESS.2021.3106353}
}

% --------------------------- x ---------------------------

@INPROCEEDINGS{VSPW_paper,
  author={Miao, Jiaxu and Wei, Yunchao and Wu, Yu and Liang, Chen and Li, Guangrui and Yang, Yi},
  booktitle={2021 IEEE/CVF Conference on Computer Vision and Pattern Recognition (CVPR)}, 
  title={VSPW: A Large-scale Dataset for Video Scene Parsing in the Wild}, 
  year={2021},
  volume={},
  number={},
  pages={4131-4141},
  doi={10.1109/CVPR46437.2021.00412}}
