@INPROCEEDINGS{lstm&bilstm,
  author={Gupta, Himanshu and Ali, Syed Taqi},
  booktitle={2022 International Conference on Emerging Techniques in Computational Intelligence (ICETCI)}, 
  title={Violence Detection using Deep Learning Techniques}, 
  year={2022},
  volume={},
  number={},
  pages={121-124},
  keywords={Video on demand;Databases;Social networking (online);Surveillance;Weapons;Feature extraction;Cameras;Violence detection;Surveillance;LSTM;BiL-STM;CNN;VGG16},
  doi={10.1109/ICETCI55171.2022.9921388}}
-------------------------------------------------
@INPROCEEDINGS{hockey,
  author={Aarthy, K. and Nithya, A. Alice},
  booktitle={2022 IEEE 2nd Mysore Sub Section International Conference (MysuruCon)}, 
  title={Crowd Violence Detection in Videos Using Deep Learning Architecture}, 
  year={2022},
  volume={},
  number={},
  pages={1-6},
  keywords={Webcams;Surveillance;Deep architecture;Training data;Computer architecture;Streaming media;Real-time systems;computer vision;vgg16;Hockey fight},
  doi={10.1109/MysuruCon55714.2022.9972624}}
-------------------------------------------------
@INPROCEEDINGS{ourdataset,
  author={Cheng, Ming and Cai, Kunjing and Li, Ming},
  booktitle={2020 25th International Conference on Pattern Recognition (ICPR)}, 
  title={RWF-2000: An Open Large Scale Video Database for Violence Detection}, 
  year={2021},
  volume={},
  number={},
  pages={4183-4190},
  keywords={Image motion analysis;Computer vision;Databases;Surveillance;Logic gates;Cameras;Pattern recognition},
  doi={10.1109/ICPR48806.2021.9412502}}
-------------------------------------------------
@INPROCEEDINGS{vvit,
  author={Zuo, Yuqi and Hamrouni, Aymen and Ghazzai, Hakim and Massoud, Yehia},
  booktitle={2023 IEEE International Conference on Smart Mobility (SM)}, 
  title={V3Trans-Crowd: A Video-based Visual Transformer for Crowd Management Monitoring}, 
  year={2023},
  volume={},
  number={},
  pages={154-159},
  keywords={Visualization;Solid modeling;Three-dimensional displays;Transportation;Transformers;Real-time systems;Behavioral sciences;Crowd management;Crowd behavior analysis;computer vision;visual transformer},
  doi={10.1109/SM57895.2023.10112514}}
-------------------------------------------------
@INPROCEEDINGS{hyb-cnn-lstm,
  author={Tiwari, Raj Gaurang and Maheshwari, Himani and Agarwal, Ambuj Kumar and Jain, Vishal},
  booktitle={2023 12th International Conference on System Modeling and Advancement in Research Trends (SMART)}, 
  title={Hybrid CNN-LSTM Model for Automated Violence Detection and Classification in Surveillance Systems}, 
  year={2023},
  volume={},
  number={},
  pages={169-175},
  keywords={Deep learning;Adaptation models;Surveillance;Computational modeling;Computer architecture;Convolutional neural networks;Long short term memory;convolutional neural network;long short-term memory;image classification;violence detection;non-violence images;deep learning;hybrid model},
  doi={10.1109/SMART59791.2023.10428538}}
-------------------------------------------------
@INPROCEEDINGS{resnet,
  author={Shripriya, C and Akshaya, J and Sowmya, R and Poonkodi, M},
  booktitle={2021 5th International Conference on Electronics, Communication and Aerospace Technology (ICECA)}, 
  title={Violence Detection System Using Resnet}, 
  year={2021},
  volume={},
  number={},
  pages={1069-1072},
  keywords={Systematics;Surveillance;Streaming media;Feature extraction;Cameras;Motion detection;Spatiotemporal phenomena;resnet-violence detection;surveillance;object detection},
  doi={10.1109/ICECA52323.2021.9675868}}
-------------------------------------------------
@INPROCEEDINGS{mobnetv2-inceptionv3,
  author={Bagga, Nandini and Singh, Gajan and Balusamy, Balamurugan and Shanker Singh, Ajay},
  booktitle={2022 2nd International Conference on Advance Computing and Innovative Technologies in Engineering (ICACITE)}, 
  title={Violence Detection in Real Life Videos using Convolutional Neural Network}, 
  year={2022},
  volume={},
  number={},
  pages={872-876},
  keywords={Deep learning;Training;Computational modeling;Punching;Transfer learning;Data models;Convolutional neural networks;Violence Detection;Convolutional Neural Networks;Deep Learning;MobileNetV2;Inception V3},
  doi={10.1109/ICACITE53722.2022.9823655}}
-------------------------------------------------
@INPROCEEDINGS{inceptionv3-gru,
  author={Gadelkarim, Maria and Khodier, Mazen and Gomaa, Walid},
  booktitle={2022 International Joint Conference on Neural Networks (IJCNN)}, 
  title={Violence Detection and Recognition from Diverse Video Sources}, 
  year={2022},
  volume={},
  number={},
  pages={1-8},
  keywords={Video on demand;Three-dimensional displays;Annotations;Computational modeling;Surveillance;Neural networks;Transfer learning;Violence Detection;Action Recognition;Multi-class Violence Classification;Transfer Learning;Supervised Learning;3D Convolutional Neural Networks;Inception-v3;Gated Recurrent Units (GRUs);Recurrent Neural Networks (RNNs);Frame-Level Annotations},
  doi={10.1109/IJCNN55064.2022.9892660}}
-------------------------------------------------
@INPROCEEDINGS{devtrv2,
  author={Abdali, Almamon Rasool and Aggar, Ammar Abdullah},
  booktitle={2022 7th International Conference on Image, Vision and Computing (ICIVC)}, 
  title={DEVTrV2: Enhanced Data-Efficient Video Transformer For Violence Detection}, 
  year={2022},
  volume={},
  number={},
  pages={69-74},
  keywords={Event detection;Convolution;Surveillance;Urban areas;Neural networks;Memory management;Transformers;Transformer;CNN;Deep Learning;violence Detection;RLVS;Spatio-temporal;Video Classification;Smart Cities},
  doi={10.1109/ICIVC55077.2022.9886172}}
-------------------------------------------------
@INPROCEEDINGS{violence-drones,
  author={Nguyen, Huy Hoang and Trung Le, Quoc and Nghiem, Van Quang and Son Hoang, Minh and Pham, Duc Anh},
  booktitle={2023 International Conference on Communication, Circuits, and Systems (IC3S)}, 
  title={A novel violence detection for drone surveillance system}, 
  year={2023},
  volume={},
  number={},
  pages={1-6},
  keywords={Deep learning;Training;Measurement;Surveillance;Sociology;Real-time systems;Object tracking;violence detection;deep learning;UAVs},
  doi={10.1109/IC3S57698.2023.10169405}}
-------------------------------------------------
@INPROCEEDINGS{Harris3d-spatio-temporal,
  author={Lyu, Yao and Yang, Yingyun},
  booktitle={2015 International Conference on Industrial Informatics - Computing Technology, Intelligent Technology, Industrial Information Integration}, 
  title={Violence Detection Algorithm Based on Local Spatio-temporal Features and Optical Flow}, 
  year={2015},
  volume={},
  number={},
  pages={307-311},
  keywords={Image motion analysis;Computer vision;Optical imaging;Three-dimensional displays;Optical detectors;Detection algorithms;Monitoring;Violence Detection;Harris 3D Spatio-temporal Interest Points Detector;Pyramid Lucas-Kanade Optical Flow Method;Motion Coefficient},
  doi={10.1109/ICIICII.2015.157}}
-------------------------------------------------
@INPROCEEDINGS{xception,
  author={Appavu, A. Narenthirakumar and Babu, C. Nelson Kennedy},
  booktitle={2023 IEEE International Conference on Advanced Systems and Emergent Technologies (IC_ASET)}, 
  title={An Xception Model Based Real-time Violence Detection}, 
  year={2023},
  volume={},
  number={},
  pages={1-6},
  keywords={Representation learning;Law enforcement;Surveillance;Streaming media;Feature extraction;Chatbots;Real-time systems;CCTV;CNN;LSTM;Violence;Non-Violence;Xception},
  doi={10.1109/IC_ASET58101.2023.10151034}}
-------------------------------------------------
@INPROCEEDINGS{yolo-resnet,
  author={Sachan, Lakshay and Katiyar, Priyanshu and Kumbhawat, Yash and Rajput, Gaurav Kumar and Mehrotra, Tushar},
  booktitle={2023 12th International Conference on System Modeling & Advancement in Research Trends (SMART)}, 
  title={Comparative Analysis on Violence Detection Using Yolo and ResNet}, 
  year={2023},
  volume={},
  number={},
  pages={89-92},
  keywords={Deep learning;Surveillance;Employment;Market research;Public security;Intelligent systems;Residual neural networks;Intelligent Surveillance System;Violence Detection;Deep Learning Models},
  doi={10.1109/SMART59791.2023.10428272}}
-------------------------------------------------
@INPROCEEDINGS{lhogf-deeplearn,
  author={Chauhan, Akash and Gupta, Ruchika},
  booktitle={2022 4th International Conference on Advances in Computing, Communication Control and Networking (ICAC3N)}, 
  title={Human Violence Detection Using LHOGF Algorithm and Deep Learning Model}, 
  year={2022},
  volume={},
  number={},
  pages={1202-1206},
  keywords={Deep learning;Process control;Computer architecture;Transforms;Feature extraction;Prediction algorithms;Video surveillance;Human Violence;Deep Learning;LHOGF;Video Processing},
  doi={10.1109/ICAC3N56670.2022.10074425}}
-------------------------------------------------
@article{vd-ann,
author = {Ullah, Fath U Min and Obaidat, Mohammad S. and Ullah, Amin and Muhammad, Khan and Hijji, Mohammad and Baik, Sung Wook},
title = {A Comprehensive Review on Vision-Based Violence Detection in Surveillance Videos},
year = {2023},
issue_date = {October 2023},
publisher = {Association for Computing Machinery},
address = {New York, NY, USA},
volume = {55},
number = {10},
issn = {0360-0300},
url = {https://doi.org/10.1145/3561971},
doi = {10.1145/3561971},
journal = {ACM Comput. Surv.},
month = {feb},
articleno = {200},
numpages = {44},
keywords = {Artificial Intelligence, machine learning, smart surveillance, neural networks, deep learning, violence detection, big data, video data, activity recognition}
}
-------------------------------------------------
@article{svm-knn-stacog,
title = {Autocorrelation of gradients based violence detection in surveillance videos},
journal = {ICT Express},
volume = {6},
number = {3},
pages = {155-159},
year = {2020},
issn = {2405-9595},
doi = {https://doi.org/10.1016/j.icte.2020.04.014},
author = {Deepak K. and Vignesh L.K.P. and Chandrakala S.},
keywords = {Violence detection, Spatio-temporal auto correlation of gradients, SVM, Motion boundary histograms, K-nearest neighbor}}
-------------------------------------------------
@ARTICLE{mobilenetv3-efficientnetb0,
  author={Kang, Min-Seok and Park, Rae-Hong and Park, Hyung-Min},
  journal={IEEE Access}, 
  title={Efficient Spatio-Temporal Modeling Methods for Real-Time Violence Recognition}, 
  year={2021},
  volume={9},
  number={},
  pages={76270-76285},
  keywords={Videos;Three-dimensional displays;Surveillance;Real-time systems;Computational modeling;Task analysis;Solid modeling;Real-time violence detection;efficient spatio-temporal attention;efficient convolution method for spatio-temporal modeling},
  doi={10.1109/ACCESS.2021.3083273}}
-------------------------------------------------
@article{top-alcm,
title = {TOP-ALCM: A novel video analysis method for violence detection in crowded scenes},
journal = {Information Sciences},
volume = {606},
pages = {313-327},
year = {2022},
issn = {0020-0255},
doi = {https://doi.org/10.1016/j.ins.2022.05.045},
url = {https://www.sciencedirect.com/science/article/pii/S0020025522004777},
author = {Xing Hu and Zhe Fan and Linhua Jiang and Jiawei Xu and Guoqiang Li and Wenming Chen and Xinhua Zeng and Genke Yang and Dawei Zhang},
keywords = {Video Violence Detection, Angle Level Co-occurrence Matrix, TOP-ALCM}}
-------------------------------------------------
@article{cartoon,
title = {Detection of Violence in Cartoon Videos Using Visual Features},
journal = {Procedia Computer Science},
volume = {192},
pages = {4962-4971},
year = {2021},
note = {Knowledge-Based and Intelligent Information & Engineering Systems: Proceedings of the 25th International Conference KES2021},
issn = {1877-0509},
doi = {https://doi.org/10.1016/j.procs.2021.09.274},
url = {https://www.sciencedirect.com/science/article/pii/S1877050921020135},
author = {Tahira Khalil and Javed Iqbal Bangash and Abdul Waheed Khan and Saima Anwar Lashari and Abdullah Khan and Dzati Athiar Ramli},
keywords = {Low-Level Features, Object Extraction, Violence Detection, Cartoon Videos}}
-------------------------------------------------
@Article{cnn-rnn,
AUTHOR = {Vosta, Soheil and Yow, Kin-Choong},
TITLE = {A CNN-RNN Combined Structure for Real-World Violence Detection in Surveillance Cameras},
JOURNAL = {Applied Sciences},
VOLUME = {12},
YEAR = {2022},
NUMBER = {3},
ARTICLE-NUMBER = {1021},
ISSN = {2076-3417},
DOI = {10.3390/app12031021}
}
-------------------------------------------------
@InProceedings{svm-resnet50,
author="Manjula, S.
and Lakshmi, K.",
editor="Nayak, Padmalaya
and Pal, Souvik
and Peng, Sheng-Lung",
title="Human Abnormal Activity Pattern Analysis in Diverse Background Surveillance Videos Using SVM and ResNet50 Model",
booktitle="IoT and Analytics for Sensor Networks",
year="2022",
publisher="Springer Singapore",
address="Singapore",
pages="47--60",
isbn="978-981-16-2919-8"
}
-------------------------------------------------
@ARTICLE{airtlab,
  author={Sernani, Paolo and Falcionelli, Nicola and Tomassini, Selene and Contardo, Paolo and Dragoni, Aldo Franco},
  journal={IEEE Access}, 
  title={Deep Learning for Automatic Violence Detection: Tests on the AIRTLab Dataset}, 
  year={2021},
  volume={9},
  number={},
  pages={160580-160595},
  keywords={Atmospheric modeling;Sports;Three-dimensional displays;Feature extraction;Solid modeling;Task analysis;Deep learning;Convolutional long short-term memory;convolutional neural network;deep learning;support vector machine;violence detection},
  doi={10.1109/ACCESS.2021.3131315}}
-------------------------------------------------
@INPROCEEDINGS{deeprnn-deepcnn,
  author={Traoré, Abdarahmane and Akhloufi, Moulay A.},
  booktitle={2020 IEEE International Conference on Systems, Man, and Cybernetics (SMC)}, 
  title={Violence Detection in Videos using Deep Recurrent and Convolutional Neural Networks}, 
  year={2020},
  volume={},
  number={},
  pages={154-159},
  keywords={Deep learning;Recurrent neural networks;Databases;Urban areas;Two dimensional displays;Convolutional neural networks;Optical flow;CNN;GRU;Optical Flow;Abnormal behavior detection;Violence detection;Video classification},
  doi={10.1109/SMC42975.2020.9282971}}
----------------------------------------------------
@article{tf_paper,
author = {Abadi, Martín and Barham, Paul and Chen, Jianmin and Chen, Zhifeng and Davis, Andy and Dean, Jeffrey and Devin, Matthieu and Ghemawat, Sanjay and Irving, Geoffrey and Isard, Michael and Kudlur, Manjunath and Levenberg, Josh and Monga, Rajat and Moore, Sherry and Murray, Derek and Steiner, Benoit and Tucker, Paul and Vasudevan, Vijay and Warden, Pete and Zhang, Xiaoqiang},
year = {2016},
month = {05},
pages = {},
title = {TensorFlow: A system for large-scale machine learning}
}
---------------------------------------------------------
@misc{keras,
  title={Keras},
  author={Chollet, Fran\c{c}ois and others},
  year={2015},
  howpublished={\url{https://keras.io}},
}

--------------------------------------------------------------
@inbook{Hockey-dataset,
author = {Bui, Hung and Semwal, Vijay and Gaud, Neha and Bijalwan, Vishwanath},
year = {2021},
month = {04},
pages = {979-989},
title = {Violent Video Detection by Pre-trained Model and CNN-LSTM Approach},
doi = {10.1007/978-981-33-6307-6_99}
}
------------------------------------------------------------------------------------------
@inproceedings{Recorded_violence,
author = {Yun, Kiwon and Honorio, Jean and Chattopadhyay, Debaleena and Berg, Tamara and Samaras, Dimitris},
year = {2012},
month = {06},
pages = {28-35},
title = {Two-person interaction detection using body-pose features and multiple instance learning},
isbn = {978-1-4673-1611-8},
journal = {IEEE Computer Society Conference on Computer Vision and Pattern Recognition Workshops},
doi = {10.1109/CVPRW.2012.6239234}
}
-------------------------------------------------------------------------------------------
@inproceedings{Violent_flows,
author = {Hassner, Tal and Itcher, Yossi and Kliper-Gross, Orit},
year = {2012},
month = {06},
pages = {1-6},
title = {Violent flows: Real-time detection of violent crowd behavior},
isbn = {978-1-4673-1611-8},
journal = {IEEE Computer Society Conference on Computer Vision and Pattern Recognition Workshops},
doi = {10.1109/CVPRW.2012.6239348}
}
-------------------------------------------------------------------------------------------
@inproceedings{Child_violence,
author = {Yan, Jiuqi and Chen, Yingxian and Fok, Wilton},
year = {2023},
month = {08},
pages = {893-897},
title = {Detection of Children Abuse by Voice and Audio Classification by Short-Time Fourier Transform Machine Learning Implemented on Nvidia Edge GPU Device},
doi = {10.1109/PRAI59366.2023.10331940}
}
-------------------------------------------------------------------------------------------
@article{Audio_visual,
  title={Audio-visual content-based violent scene characterization},
  author={Jeho Nam and Masoud B. Alghoniemy and Ahmed H. Tewfik},
  journal={Proceedings 1998 International Conference on Image Processing. ICIP98 (Cat. No.98CB36269)},
  year={1998},
  volume={1},
  pages={353-357 vol.1}
}
---------------------------------------------------------------------------------
@article{Federated_Learn,
author = {Ji, Shaoxiong and Tan, Yue and Saravirta, Teemu and Yang, Zhiqin and Liu, Yixin and Vasankari, Lauri and Pan, Shirui and Long, Guodong and Walid, Anwar},
year = {2024},
month = {04},
pages = {1-22},
title = {Emerging trends in federated learning: from model fusion to federated X learning},
journal = {International Journal of Machine Learning and Cybernetics},
doi = {10.1007/s13042-024-02119-1}
}
----------------------------------------------------------------
@unknown{spectral_image,
author = {Patil, Lalit},
year = {2023},
month = {05},
pages = {},
title = {From Pixels to Diagnoses: Exploring the Potential of Hyper-spectral Imaging and Artificial Intelligence in Plant Disease Detection}
}
--------------------------------------------------------------------
@article{Spacio-tempo,
author = {Lin, Jimmy and Li, Junkai and Gao, Jiasi and Ma, Weizhi and Liu, Yang},
year = {2024},
month = {03},
pages = {13817-13825},
title = {Jointly Modeling Spatio-Temporal Features of Tactile Signals for Action Classification},
volume = {38},
journal = {Proceedings of the AAAI Conference on Artificial Intelligence},
doi = {10.1609/aaai.v38i12.29288}
}
------------------------------------------------------------------
@article{CBAM,
author = {Su, Huifeng and Wang, Xiang and Han, Tao and Wang, Ziyi and Zhao, Zhongxiao and Zhang, Pengfei},
year = {2022},
month = {09},
pages = {1561},
title = {Research on a U-Net Bridge Crack Identification and Feature-Calculation Methods Based on a CBAM Attention Mechanism},
volume = {12},
journal = {Buildings},
doi = {10.3390/buildings12101561}
}
----------------------------------------------------------------------------
@inproceedings{frame_diff,
author = {Huang, Wenchao and Kang, Yake and Zheng, Song},
year = {2017},
month = {10},
pages = {1537-1541},
title = {An improved frame difference method for moving target detection},
doi = {10.1109/CAC.2017.8243011}
}
--------------------------------------------------------------
@INPROCEEDINGS{feature-extract,
  author={Salau, Ayodeji Olalekan and Jain, Shruti},
  booktitle={2019 International Conference on Signal Processing and Communication (ICSC)}, 
  title={Feature Extraction: A Survey of the Types, Techniques, Applications}, 
  year={2019},
  volume={},
  number={},
  pages={158-164},
  keywords={Image color analysis;Feature extraction;Hidden Markov models;Iron;Data mining;Image retrieval;Feature extraction;image processing;application;mining;data},
  doi={10.1109/ICSC45622.2019.8938371}}
-----------------------------------------------
@article{Spacial_feat,
author = {Zhao, Wenzhi and Du, Shihong},
year = {2016},
month = {04},
pages = {4544-4554},
title = {Spectral–Spatial Feature Extraction for Hyperspectral Image Classification: A Dimension Reduction and Deep Learning Approach},
volume = {54},
journal = {IEEE Transactions on Geoscience and Remote Sensing},
doi = {10.1109/TGRS.2016.2543748}
}
-----------------------------------------------
@article{violence_review,
author = {Shubber, Mohamed and Al-Taai, Ziyad Tariq},
title = {A review on video violence detection approaches},
journal = {International Journal of Nonlinear Analysis and Applications},
volume = {13},
number = {2},
pages = {1117-1130},
year  = {2022},
publisher = {Semnan University},
issn = {2008-6822}, 
eissn = {2008-6822}, 
doi = {10.22075/ijnaa.2022.6369}
}
-----------------------------------------------
@article{ai_national_security,
author = {Lomlen, Stephen},
year = {2024},
month = {02},
pages = {},
title = {Impact of Artificial Intelligence in enhancing National Security},
volume = {1},
journal = {Artificial Intelligence Studies}
}
-----------------------------------------------
@InProceedings{SPIL,
author="Su, Yukun
and Lin, Guosheng
and Zhu, Jinhui
and Wu, Qingyao",
editor="Vedaldi, Andrea
and Bischof, Horst
and Brox, Thomas
and Frahm, Jan-Michael",
title="Human Interaction Learning on 3D Skeleton Point Clouds for Video Violence Recognition",
booktitle="Computer Vision -- ECCV 2020",
year="2020",
publisher="Springer International Publishing",
address="Cham",
pages="74--90",
isbn="978-3-030-58548-8"
}
-----------------------------------------------
@INPROCEEDINGS{SepConvLSTM,
  author={Islam, Zahidul and Rukonuzzaman, Mohammad and Ahmed, Raiyan and Kabir, Md. Hasanul and Farazi, Moshiur},
  booktitle={2021 International Joint Conference on Neural Networks (IJCNN)}, 
  title={Efficient Two-Stream Network for Violence Detection Using Separable Convolutional LSTM}, 
  year={2021},
  volume={},
  number={},
  pages={1-8},
  keywords={Convolution;Surveillance;Computational modeling;Stacking;Computer architecture;Streaming media;Feature extraction},
  doi={10.1109/IJCNN52387.2021.9534280}
}
-----------------------------------------------
@article{HumanSkeleton_ConvLSTM,
title = {Human skeletons and change detection for efficient violence detection in surveillance videos},
journal = {Computer Vision and Image Understanding},
volume = {233},
pages = {103739},
year = {2023},
issn = {1077-3142},
doi = {https://doi.org/10.1016/j.cviu.2023.103739},
author = {Guillermo Garcia-Cobo and Juan C. SanMiguel},
keywords = {Machine vision and scene understanding, Violence detection, Pose estimation, Deep Learning, ConvLSTM}
}
-----------------------------------------------
@article{SSHM,
title = {Video violence recognition and localization using a semi-supervised hard attention model},
journal = {Expert Systems with Applications},
volume = {212},
pages = {118791},
year = {2023},
issn = {0957-4174},
doi = {https://doi.org/10.1016/j.eswa.2022.118791},
author = {Hamid Mohammadi and Ehsan Nazerfard},
keywords = {Deep reinforcement learning, Violence detection, Hard attention, Video classification, Semi-supervised learning}
}
-----------------------------------------------
@INPROCEEDINGS{structured_kepoint_pooling,
  author={Hachiuma, Ryo and Sato, Fumiaki and Sekii, Taiki},
  booktitle={2023 IEEE/CVF Conference on Computer Vision and Pattern Recognition (CVPR)}, 
  title={Unified Keypoint-Based Action Recognition Framework via Structured Keypoint Pooling}, 
  year={2023},
  volume={},
  number={},
  pages={22962-22971},
  keywords={Point cloud compression;Location awareness;Training;Three-dimensional displays;Target tracking;Target recognition;Artificial neural networks;Video: Action and event understanding},
  doi={10.1109/CVPR52729.2023.02199}
}
-----------------------------------------------
@ARTICLE{LaM-2SRN,
  author={Qiao, Yangyang and Cui, Whenhua and Shi, Tianwei},
  journal={IEEE Access}, 
  title={LaM-2SRN: A Method Which Can Enhance Local Features and Detect Moving Objects for Action Recognition}, 
  year={2020},
  volume={8},
  number={},
  pages={192703-192712},
  keywords={Feature extraction;Three-dimensional displays;Two dimensional displays;Visualization;Solid modeling;Spatiotemporal phenomena;Optical imaging;Action recognition;video understanding;visual attention;background detection;CNN},
  doi={10.1109/ACCESS.2020.3032533}
}
-----------------------------------------------
@article{ai_saftey,
author = {Hjaltalín, Illugi T. and Sigurdarson, Hallur},
year = {2024},
month = {02},
pages = {},
title = {The strategic use of AI in the public sector: A public values analysis of national AI strategies},
volume = {41},
journal = {Government Information Quarterly},
doi = {10.1016/j.giq.2024.101914}
}
-----------------------------------
@inbook{crowd_viol,
author = {Kumar, Y. and Chikkaguddaiah, Naveena},
year = {2023},
month = {09},
pages = {45-57},
title = {A Deep Learning Based System to Estimate Crowd and Detect Violence in Videos},
isbn = {978-3-031-12418-1},
doi = {10.1007/978-3-031-12419-8_3}
}
--------------------------------------------------
@inproceedings{comp_vision,
author = {Talha, Khalid and Bandapadya, Koushik and Khan, Mohammad},
year = {2022},
month = {06},
pages = {544-550},
title = {Violence Detection Using Computer Vision Approaches},
doi = {10.1109/AIIoT54504.2022.9817374}
}
------------------
@inbook{public_sector_ai,
author = {Todaro, Diego},
year = {2024},
month = {03},
pages = {295-554},
title = {Public Sector AI Applications in Shanghai},
isbn = {978-981-97-0596-2},
doi = {10.1007/978-981-97-0597-9_5}
}
-----------------------------
@article{Data_integrat,
author = {Sasmal, Shubhodip},
year = {2024},
month = {01},
pages = {},
title = {Data Engineering Best Practices with AI Integration},
doi = {10.5281/zenodo.10674703}
}
------------------------------
@article{ai_ethics,
author = {Yadav, Vikrant},
year = {2023},
month = {12},
pages = {261-270},
title = {AI and Human Rights: A Critical Ethico-Legal Overview-international-review.com CC BY NC 2023},
volume = {14}
}
--------------------------------------------
@inbook{overfit,
author = {Sabiri, Bihi and Asri, Bouchra and Rhanoui, Maryem},
year = {2023},
month = {07},
pages = {198-221},
title = {Efficient Deep Neural Network Training Techniques for Overfitting Avoidance},
isbn = {978-3-031-39385-3},
doi = {10.1007/978-3-031-39386-0_10}
}
----------------------------------
@inbook{edge_ai,
author = {Pasupuleti, Murali},
year = {2024},
month = {04},
pages = {94-110},
title = {Advancing Real-Time Intelligence with Edge AI},
isbn = {9788197231452},
doi = {10.62311/nesx/97852}
}
----------------------------------------
@inbook{violence_ai,
author = {Das, Santosh},
year = {2023},
month = {04},
pages = {},
title = {Real-time and Intelligent Security enablement through Edge AI-enabled CCTV Cameras : Santosh Das}
}
---------------------------------------
@article{manual_Violence,
year = {2024},
month = {04},
pages = {1267-1274},
title = {Real-Time Violence Detection in Surveillance Videos Using Deep Learning Approach},
volume = {12},
journal = {International Journal for Research in Applied Science and Engineering Technology},
doi = {10.22214/ijraset.2024.59968}
}
--------------------
@phdthesis{in_out_violence_ai,
author = {Ullah, Fath U Min},
year = {2023},
month = {02},
pages = {},
title = {A Study of Sequential Deep Learning- based Methods for Violence Detection in Videos}
}
-----------------------------------
@article{comp_efficiency,
author = {Ma, Yumeng},
year = {2024},
month = {02},
pages = {197-201},
title = {Parallel programming: Driving the computational surge in AI},
volume = {37},
journal = {Applied and Computational Engineering},
doi = {10.54254/2755-2721/37/20230506}
}
-----------------------------------
@article{DeepaMisPaper,
title = {Ensemble of multi-stage deep convolutional neural networks for automated grading of diabetic retinopathy using image patches},
journal = {Journal of King Saud University - Computer and Information Sciences},
volume = {34},
number = {8, Part B},
pages = {6255-6265},
year = {2022},
issn = {1319-1578},
doi = {https://doi.org/10.1016/j.jksuci.2021.05.009},
author = {V. Deepa and C. Sathish Kumar and Thomas Cherian},
keywords = {Diabetic retinopathy, Image patches, Ensemble, Shallow and dense layer features, Pre-trained CNN models}
}
----------------------------------
@INPROCEEDINGS{renjith_sir_paper,
  author={Habeeb, Nidiya and Thomas, Renjith and Oommen, Kurian},
  booktitle={2023 3rd International Conference on Mobile Networks and Wireless Communications (ICMNWC)}, 
  title={Automated Detection of Pneumonia Using Pre-Trained Convolutional Neural Networks in X-Ray Images}, 
  year={2023},
  volume={},
  number={},
  pages={1-6},
  keywords={Deep learning;Wireless communication;Pulmonary diseases;Convolutional neural networks;Statistics;X-ray imaging;Biomedical imaging;pneumonia detection;convolutional neural networks;pre-trained CNN models;VGG-19;DenseNet-121;ResNet-50},
  doi={10.1109/ICMNWC60182.2023.10435777}}
---------------------------------
@book{python,
author = {Van Rossum, Guido and Drake, Fred L.},
title = {Python 3 Reference Manual},
year = {2009}, isbn = {1441412697},
publisher = {CreateSpace},
address = {Scotts Valley, CA}}
---------------------------------

@misc{kineticData,
      title={The Kinetics Human Action Video Dataset}, 
      author={Will Kay and Joao Carreira and Karen Simonyan and Brian Zhang and Chloe Hillier and Sudheendra Vijayanarasimhan and Fabio Viola and Tim Green and Trevor Back and Paul Natsev and Mustafa Suleyman and Andrew Zisserman},
      year={2017},
      eprint={1705.06950},
      archivePrefix={arXiv},
      primaryClass={cs.CV}
}